@Article{tidyverse,
    title = {Welcome to the {tidyverse}},
    author = {Hadley Wickham and Mara Averick and Jennifer Bryan and Winston Chang and Lucy D'Agostino McGowan and Romain François and Garrett Grolemund and Alex Hayes and Lionel Henry and Jim Hester and Max Kuhn and Thomas Lin Pedersen and Evan Miller and Stephan Milton Bache and Kirill Müller and Jeroen Ooms and David Robinson and Dana Paige Seidel and Vitalie Spinu and Kohske Takahashi and Davis Vaughan and Claus Wilke and Kara Woo and Hiroaki Yutani},
    year = {2019},
    journal = {Journal of Open Source Software},
    volume = {4},
    number = {43},
    pages = {1686},
    doi = {10.21105/joss.01686},
  }
@Book{ggplot2,
  author = {Hadley Wickham},
  title = {ggplot2: Elegant Graphics for Data Analysis},
  publisher = {Springer-Verlag New York},
  year = {2016},
  isbn = {978-3-319-24277-4},
  url = {https://ggplot2.tidyverse.org},
  }
@Manual{xtable,
    author = {David B. Dahl and David Scott and Charles Roosen and Arni Magnusson and Jonathan Swinton},
    title = {xtable: Export Tables to LaTeX or HTML},
    year = {2019},
    note = {R package version 1.8-4},
    url = {https://CRAN.R-project.org/package=xtable},
  }
@InProceedings{Essentia,
  author    = {Bogdanov, D. and Wack, N. and Gómez Gutiérrez, E. and Gulati, S. and Boyer, H. and Mayor, O. and Roma Trepat, G. and Salamon, J. and Zapata González, J. R. and Serra, X. and others},
  title     = {Essentia: An audio analysis library for music information retrieval},
  booktitle = {14th Conference of the International Society for Music Information Retrieval (ISMIR)},
  editor    = {Britto, A. and Gouyon, F. and Dixon, S.},
  year      = {2013},
  month     = {November},
  pages     = {493--498},
  organization = {International Society for Music Information Retrieval (ISMIR)},
  address   = {Curitiba, Brazil}
}
@InProceedings{EssentiaModels,
  author    = {Alonso-Jiménez, P. and Bogdanov, D. and Pons, J. and Serra, X.},
  title     = {Tensorflow audio models in Essentia},
  booktitle = {ICASSP 2020-2020 IEEE International Conference on Acoustics, Speech and Signal Processing (ICASSP)},
  year      = {2020},
  pages     = {266--270},
  publisher = {IEEE}
}
@Manual{LIWC,
  author    = {Boyd, R. L. and Ashokkumar, A. and Seraj, S. and Pennebaker, J. W.},
  title     = {The development and psychometric properties of LIWC-22},
  year      = {2022},
  institution = {University of Texas at Austin},
  address   = {Austin, TX}
}